@book{pinedo2015scheduling,
  title={Scheduling},
  author={Pinedo, Michael},
  year={2015},
  publisher={Springer}
}

@article{pacheco2001adoccao,
  title={A Ado{\c{c}}{\~a}o de modelos de \textit{Scheduling} no Brasil: defici{\^e}ncias do processo de escolha},
  author={Pacheco, Ricardo Ferrari and Santoro, Miguel Cezar},
  journal={Gest{\~a}o \& Produ{\c{c}}{\~a}o},
  volume={8},
  number={2},
  pages={128--138},
  year={2001},
  publisher={SciELO Brasil}
}