@inproceedings{morales2013flow,
	title={E-Flow: A communication system for user notification in dynamic evacuation scenarios},
	author={Morales, Augusto and Alcarria, Ramon and Robles, Tom{\'a}s and Cede{\~n}o, Edwin and Cosma, Erno Peter and Bermejo, Javier and Arribas, Francisco Perez},
	booktitle={International Conference on Ubiquitous Computing and Ambient Intelligence},
	pages={207--214},
	year={2013},
	organization={Springer}
}

@article{perez2006automatic,
	title={Automatic surface modelling of a ship hull},
	author={P{\'e}rez-Arribas, F and Su{\'a}rez-Su{\'a}rez, JA and Fern{\'a}ndez-Jambrina, L},
	journal={Computer-Aided Design},
	volume={38},
	number={6},
	pages={584--594},
	year={2006},
	publisher={Elsevier}
}